@ARTICLE{2018PASJ...70S..20O,
   author = {{Oguri}, M. and {Lin}, Y.-T. and {Lin}, S.-C. and {Nishizawa}, A.~J. and 
	{More}, A. and {More}, S. and {Hsieh}, B.-C. and {Medezinski}, E. and 
	{Miyatake}, H. and {Jian}, H.-Y. and {Lin}, L. and {Takada}, M. and 
	{Okabe}, N. and {Speagle}, J.~S. and {Coupon}, J. and {Leauthaud}, A. and 
	{Lupton}, R.~H. and {Miyazaki}, S. and {Price}, P.~A. and {Tanaka}, M. and 
	{Chiu}, I.-N. and {Komiyama}, Y. and {Okura}, Y. and {Tanaka}, M.~M. and 
	{Usuda}, T.},
    title = "{An optically-selected cluster catalog at redshift 0.1 $\lt$ z $\lt$ 1.1 from the Hyper Suprime-Cam Subaru Strategic Program S16A data}",
  journal = {\pasj},
archivePrefix = "arXiv",
   eprint = {1701.00818},
 keywords = {catalogs, cosmology: observations, galaxies: clusters: general},
     year = 2018,
    month = jan,
   volume = 70,
      eid = {S20},
    pages = {S20},
      doi = {10.1093/pasj/psx042},
   adsurl = {http://adsabs.harvard.edu/abs/2018PASJ...70S..20O},
  adsnote = {Provided by the SAO/NASA Astrophysics Data System}
}

@ARTICLE{2017ApJ...851..139L,
   author = {{Lin}, Y.-T. and {Hsieh}, B.-C. and {Lin}, S.-C. and {Oguri}, M. and 
	{Chen}, K.-F. and {Tanaka}, M. and {Chiu}, I.-N. and {Huang}, S. and 
	{Kodama}, T. and {Leauthaud}, A. and {More}, S. and {Nishizawa}, A.~J. and 
	{Bundy}, K. and {Lin}, L. and {Miyazaki}, S.},
    title = "{First Results on the Cluster Galaxy Population from the Subaru Hyper Suprime-Cam Survey. III. Brightest Cluster Galaxies, Stellar Mass Distribution, and Active Galaxies}",
  journal = {\apj},
archivePrefix = "arXiv",
   eprint = {1709.04484},
 keywords = {galaxies: active, galaxies: clusters: general, galaxies: elliptical and lenticular, cD, galaxies: luminosity function, mass function},
     year = 2017,
    month = dec,
   volume = 851,
      eid = {139},
    pages = {139},
      doi = {10.3847/1538-4357/aa9bf5},
   adsurl = {http://adsabs.harvard.edu/abs/2017ApJ...851..139L},
  adsnote = {Provided by the SAO/NASA Astrophysics Data System}
}

@ARTICLE{2017AJ....154..190H,
   author = {{Hearin}, A.~P. and {Campbell}, D. and {Tollerud}, E. and {Behroozi}, P. and 
	{Diemer}, B. and {Goldbaum}, N.~J. and {Jennings}, E. and {Leauthaud}, A. and 
	{Mao}, Y.-Y. and {More}, S. and {Parejko}, J. and {Sinha}, M. and 
	{Sip{\"o}cz}, B. and {Zentner}, A.},
    title = "{Forward Modeling of Large-scale Structure: An Open-source Approach with Halotools}",
  journal = {\aj},
archivePrefix = "arXiv",
   eprint = {1606.04106},
 primaryClass = "astro-ph.IM",
 keywords = {cosmology: theory, galaxies: halos, galaxies: statistics, large-scale structure of universe},
     year = 2017,
    month = nov,
   volume = 154,
      eid = {190},
    pages = {190},
      doi = {10.3847/1538-3881/aa859f},
   adsurl = {http://adsabs.harvard.edu/abs/2017AJ....154..190H},
  adsnote = {Provided by the SAO/NASA Astrophysics Data System}
}

@ARTICLE{2017MNRAS.468..662R,
   author = {{Ridl}, J. and {Clerc}, N. and {Sadibekova}, T. and {Faccioli}, L. and 
	{Pacaud}, F. and {Greiner}, J. and {Kr{\"u}hler}, T. and {Rau}, A. and 
	{Salvato}, M. and {Menzel}, M.-L. and {Steinle}, H. and {Wiseman}, P. and 
	{Nandra}, K. and {Sanders}, J.},
    title = "{Cosmology with XMM galaxy clusters: the X-CLASS/GROND catalogue and photometric redshifts}",
  journal = {\mnras},
archivePrefix = "arXiv",
   eprint = {1702.04314},
 keywords = {techniques: photometric, catalogues, galaxies: clusters: general, cosmology: observations, large-scale structure of Universe, X-rays: galaxies: clusters},
     year = 2017,
    month = jun,
   volume = 468,
    pages = {662-684},
      doi = {10.1093/mnras/stx394},
   adsurl = {http://adsabs.harvard.edu/abs/2017MNRAS.468..662R},
  adsnote = {Provided by the SAO/NASA Astrophysics Data System}
}

@ARTICLE{2017MNRAS.467.4015H,
   author = {{Hennig}, C. and {Mohr}, J.~J. and {Zenteno}, A. and {Desai}, S. and 
	{Dietrich}, J.~P. and {Bocquet}, S. and {Strazzullo}, V. and 
	{Saro}, A. and {Abbott}, T.~M.~C. and {Abdalla}, F.~B. and {Bayliss}, M. and 
	{Benoit-L{\'e}vy}, A. and {Bernstein}, R.~A. and {Bertin}, E. and 
	{Brooks}, D. and {Capasso}, R. and {Capozzi}, D. and {Carnero}, A. and 
	{Carrasco Kind}, M. and {Carretero}, J. and {Chiu}, I. and {D'Andrea}, C.~B. and 
	{daCosta}, L.~N. and {Diehl}, H.~T. and {Doel}, P. and {Eifler}, T.~F. and 
	{Evrard}, A.~E. and {Fausti-Neto}, A. and {Fosalba}, P. and 
	{Frieman}, J. and {Gangkofner}, C. and {Gonzalez}, A. and {Gruen}, D. and 
	{Gruendl}, R.~A. and {Gupta}, N. and {Gutierrez}, G. and {Honscheid}, K. and 
	{Hlavacek-Larrondo}, J. and {James}, D.~J. and {Kuehn}, K. and 
	{Kuropatkin}, N. and {Lahav}, O. and {March}, M. and {Marshall}, J.~L. and 
	{Martini}, P. and {McDonald}, M. and {Melchior}, P. and {Miller}, C.~J. and 
	{Miquel}, R. and {Neilsen}, E. and {Nord}, B. and {Ogando}, R. and 
	{Plazas}, A.~A. and {Reichardt}, C. and {Romer}, A.~K. and {Rozo}, E. and 
	{Rykoff}, E.~S. and {Sanchez}, E. and {Santiago}, B. and {Schubnell}, M. and 
	{Sevilla-Noarbe}, I. and {Smith}, R.~C. and {Soares-Santos}, M. and 
	{Sobreira}, F. and {Stalder}, B. and {Stanford}, S.~A. and {Suchyta}, E. and 
	{Swanson}, M.~E.~C. and {Tarle}, G. and {Thomas}, D. and {Vikram}, V. and 
	{Walker}, A.~R. and {Zhang}, Y.},
    title = "{Galaxy populations in massive galaxy clusters to z = 1.1: colour distribution, concentration, halo occupation number and red sequence fraction}",
  journal = {\mnras},
archivePrefix = "arXiv",
   eprint = {1604.00988},
 keywords = {galaxies: clusters: general, galaxies: clusters: individual, galaxies: evolution, galaxies: formation, galaxies: luminosity function, mass function},
     year = 2017,
    month = jun,
   volume = 467,
    pages = {4015-4035},
      doi = {10.1093/mnras/stx175},
   adsurl = {http://adsabs.harvard.edu/abs/2017MNRAS.467.4015H},
  adsnote = {Provided by the SAO/NASA Astrophysics Data System}
}

@ARTICLE{2017arXiv170504331L,
   author = {{Licitra}, R. and {Mei}, S. and {Raichoor}, A. and {Erben}, T. and 
	{Hildebrandt}, H.},
    title = "{The RedGOLD Cluster Detection Algorithm and its Cluster Candidate Catalogue for the CFHT-LS W1}",
  journal = {ArXiv e-prints},
archivePrefix = "arXiv",
   eprint = {1705.04331},
 keywords = {Astrophysics - Cosmology and Nongalactic Astrophysics},
     year = 2017,
    month = may,
   adsurl = {http://adsabs.harvard.edu/abs/2017arXiv170504331L},
  adsnote = {Provided by the SAO/NASA Astrophysics Data System}
}

@ARTICLE{2017ApJ...841...55T,
   author = {{Tweed}, D. and {Yang}, X. and {Wang}, H. and {Cui}, W. and 
	{Zhang}, Y. and {Li}, S. and {Jing}, Y.~P. and {Mo}, H.~J.},
    title = "{ELUCID{\mdash}Exploring the Local Universe with the reConstructed Initial Density Field. II. Reconstruction Diagnostics, Applied to Numerical Halo Catalogs}",
  journal = {\apj},
archivePrefix = "arXiv",
   eprint = {1704.03675},
 keywords = {galaxies: formation, galaxies: structure, methods: numerical},
     year = 2017,
    month = may,
   volume = 841,
      eid = {55},
    pages = {55},
      doi = {10.3847/1538-4357/aa6bf8},
   adsurl = {http://adsabs.harvard.edu/abs/2017ApJ...841...55T},
  adsnote = {Provided by the SAO/NASA Astrophysics Data System}
}

@ARTICLE{2017ApJ...839..121T,
   author = {{Tinker}, J.~L. and {Brownstein}, J.~R. and {Guo}, H. and {Leauthaud}, A. and 
	{Maraston}, C. and {Masters}, K. and {Montero-Dorta}, A.~D. and 
	{Thomas}, D. and {Tojeiro}, R. and {Weiner}, B. and {Zehavi}, I. and 
	{Olmstead}, M.~D.},
    title = "{The Correlation between Halo Mass and Stellar Mass for the Most Massive Galaxies in the Universe}",
  journal = {\apj},
archivePrefix = "arXiv",
   eprint = {1607.04678},
 keywords = {cosmology: observations, galaxies: abundances, galaxies: evolution, galaxies: halos, galaxies: luminosity function, mass function},
     year = 2017,
    month = apr,
   volume = 839,
      eid = {121},
    pages = {121},
      doi = {10.3847/1538-4357/aa6845},
   adsurl = {http://adsabs.harvard.edu/abs/2017ApJ...839..121T},
  adsnote = {Provided by the SAO/NASA Astrophysics Data System}
}

@ARTICLE{2016MNRAS.459.1764S,
   author = {{Sartoris}, B. and {Biviano}, A. and {Fedeli}, C. and {Bartlett}, J.~G. and 
	{Borgani}, S. and {Costanzi}, M. and {Giocoli}, C. and {Moscardini}, L. and 
	{Weller}, J. and {Ascaso}, B. and {Bardelli}, S. and {Maurogordato}, S. and 
	{Viana}, P.~T.~P.},
    title = "{Next generation cosmology: constraints from the Euclid galaxy cluster survey}",
  journal = {\mnras},
archivePrefix = "arXiv",
   eprint = {1505.02165},
 keywords = {galaxies: clusters: general, cosmological parameters, cosmology: theory, dark energy, large-scale structure of Universe},
     year = 2016,
    month = jun,
   volume = 459,
    pages = {1764-1780},
      doi = {10.1093/mnras/stw630},
   adsurl = {http://adsabs.harvard.edu/abs/2016MNRAS.459.1764S},
  adsnote = {Provided by the SAO/NASA Astrophysics Data System}
}

@ARTICLE{2016ApJS..224...24L,
   author = {{Laigle}, C. and {McCracken}, H.~J. and {Ilbert}, O. and {Hsieh}, B.~C. and 
	{Davidzon}, I. and {Capak}, P. and {Hasinger}, G. and {Silverman}, J.~D. and 
	{Pichon}, C. and {Coupon}, J. and {Aussel}, H. and {Le Borgne}, D. and 
	{Caputi}, K. and {Cassata}, P. and {Chang}, Y.-Y. and {Civano}, F. and 
	{Dunlop}, J. and {Fynbo}, J. and {Kartaltepe}, J.~S. and {Koekemoer}, A. and 
	{Le F{\`e}vre}, O. and {Le Floc'h}, E. and {Leauthaud}, A. and 
	{Lilly}, S. and {Lin}, L. and {Marchesi}, S. and {Milvang-Jensen}, B. and 
	{Salvato}, M. and {Sanders}, D.~B. and {Scoville}, N. and {Smolcic}, V. and 
	{Stockmann}, M. and {Taniguchi}, Y. and {Tasca}, L. and {Toft}, S. and 
	{Vaccari}, M. and {Zabl}, J.},
    title = "{The COSMOS2015 Catalog: Exploring the 1 $\lt$ z $\lt$ 6 Universe with Half a Million Galaxies}",
  journal = {\apjs},
archivePrefix = "arXiv",
   eprint = {1604.02350},
 keywords = {catalogs, galaxies: evolution, galaxies: high-redshift, galaxies: photometry, methods: observational, techniques: photometric},
     year = 2016,
    month = jun,
   volume = 224,
      eid = {24},
    pages = {24},
      doi = {10.3847/0067-0049/224/2/24},
   adsurl = {http://adsabs.harvard.edu/abs/2016ApJS..224...24L},
  adsnote = {Provided by the SAO/NASA Astrophysics Data System}
}

@ARTICLE{2015MNRAS.454.4326P,
   author = {{Paz}, D.~J. and {S{\'a}nchez}, A.~G.},
    title = "{Improving the precision matrix for precision cosmology}",
  journal = {\mnras},
archivePrefix = "arXiv",
   eprint = {1508.03162},
 keywords = {methods: data analysis, methods: observational, methods: statistical, large-scale structure of Universe},
     year = 2015,
    month = dec,
   volume = 454,
    pages = {4326-4334},
      doi = {10.1093/mnras/stv2259},
   adsurl = {http://adsabs.harvard.edu/abs/2015MNRAS.454.4326P},
  adsnote = {Provided by the SAO/NASA Astrophysics Data System}
}

@ARTICLE{2015MNRAS.453.1513C,
   author = {{Crocce}, M. and {Castander}, F.~J. and {Gazta{\~n}aga}, E. and 
	{Fosalba}, P. and {Carretero}, J.},
    title = "{The MICE Grand Challenge lightcone simulation - II. Halo and galaxy catalogues}",
  journal = {\mnras},
archivePrefix = "arXiv",
   eprint = {1312.2013},
 keywords = {methods: numerical, cosmology: observations, dark energy, distance scale, large-scale structure of Universe},
     year = 2015,
    month = oct,
   volume = 453,
    pages = {1513-1530},
      doi = {10.1093/mnras/stv1708},
   adsurl = {http://adsabs.harvard.edu/abs/2015MNRAS.453.1513C},
  adsnote = {Provided by the SAO/NASA Astrophysics Data System}
}

@ARTICLE{2015arXiv150804838C,
   author = {{Carron}, J. and {Szapudi}, I.},
    title = "{What does the N-point function hierarchy of the cosmological matter density field really measure ?}",
  journal = {ArXiv e-prints},
archivePrefix = "arXiv",
   eprint = {1508.04838},
 keywords = {Astrophysics - Cosmology and Nongalactic Astrophysics},
     year = 2015,
    month = aug,
   adsurl = {http://adsabs.harvard.edu/abs/2015arXiv150804838C},
  adsnote = {Provided by the SAO/NASA Astrophysics Data System}
}

@ARTICLE{2015MNRAS.448.2987F,
   author = {{Fosalba}, P. and {Crocce}, M. and {Gazta{\~n}aga}, E. and {Castander}, F.~J.
	},
    title = "{The MICE grand challenge lightcone simulation - I. Dark matter clustering}",
  journal = {\mnras},
archivePrefix = "arXiv",
   eprint = {1312.1707},
 keywords = {methods: numerical, galaxies: statistics, dark matter, large-scale structure of Universe},
     year = 2015,
    month = apr,
   volume = 448,
    pages = {2987-3000},
      doi = {10.1093/mnras/stv138},
   adsurl = {http://adsabs.harvard.edu/abs/2015MNRAS.448.2987F},
  adsnote = {Provided by the SAO/NASA Astrophysics Data System}
}

@ARTICLE{2015ApJ...803...34B,
   author = {{Bouwens}, R.~J. and {Illingworth}, G.~D. and {Oesch}, P.~A. and 
	{Trenti}, M. and {Labb{\'e}}, I. and {Bradley}, L. and {Carollo}, M. and 
	{van Dokkum}, P.~G. and {Gonzalez}, V. and {Holwerda}, B. and 
	{Franx}, M. and {Spitler}, L. and {Smit}, R. and {Magee}, D.
	},
    title = "{UV Luminosity Functions at Redshifts z {\tilde} 4 to z {\tilde} 10: 10,000 Galaxies from HST Legacy Fields}",
  journal = {\apj},
archivePrefix = "arXiv",
   eprint = {1403.4295},
 keywords = {galaxies: evolution, galaxies: high-redshift},
     year = 2015,
    month = apr,
   volume = 803,
      eid = {34},
    pages = {34},
      doi = {10.1088/0004-637X/803/1/34},
   adsurl = {http://adsabs.harvard.edu/abs/2015ApJ...803...34B},
  adsnote = {Provided by the SAO/NASA Astrophysics Data System}
}

@ARTICLE{2015MNRAS.447.1319F,
   author = {{Fosalba}, P. and {Gazta{\~n}aga}, E. and {Castander}, F.~J. and 
	{Crocce}, M.},
    title = "{The MICE Grand Challenge light-cone simulation - III. Galaxy lensing mocks from all-sky lensing maps}",
  journal = {\mnras},
archivePrefix = "arXiv",
   eprint = {1312.2947},
 keywords = {gravitational lensing: weak, methods: analytical, methods: numerical, galaxies: general, cosmology: theory, large-scale structure of Universe},
     year = 2015,
    month = feb,
   volume = 447,
    pages = {1319-1332},
      doi = {10.1093/mnras/stu2464},
   adsurl = {http://adsabs.harvard.edu/abs/2015MNRAS.447.1319F},
  adsnote = {Provided by the SAO/NASA Astrophysics Data System}
}

@ARTICLE{2015MNRAS.447..646C,
   author = {{Carretero}, J. and {Castander}, F.~J. and {Gazta{\~n}aga}, E. and 
	{Crocce}, M. and {Fosalba}, P.},
    title = "{An algorithm to build mock galaxy catalogues using MICE simulations}",
  journal = {\mnras},
archivePrefix = "arXiv",
   eprint = {1411.3286},
 keywords = {Astronomical data bases, catalogues, galaxies: evolution, galaxies: haloes, large-scale structure of Universe},
     year = 2015,
    month = feb,
   volume = 447,
    pages = {646-670},
      doi = {10.1093/mnras/stu2402},
   adsurl = {http://adsabs.harvard.edu/abs/2015MNRAS.447..646C},
  adsnote = {Provided by the SAO/NASA Astrophysics Data System}
}

@ARTICLE{2015ApJS..216...27B,
   author = {{Bleem}, L.~E. and {Stalder}, B. and {de Haan}, T. and {Aird}, K.~A. and 
	{Allen}, S.~W. and {Applegate}, D.~E. and {Ashby}, M.~L.~N. and 
	{Bautz}, M. and {Bayliss}, M. and {Benson}, B.~A. and {Bocquet}, S. and 
	{Brodwin}, M. and {Carlstrom}, J.~E. and {Chang}, C.~L. and 
	{Chiu}, I. and {Cho}, H.~M. and {Clocchiatti}, A. and {Crawford}, T.~M. and 
	{Crites}, A.~T. and {Desai}, S. and {Dietrich}, J.~P. and {Dobbs}, M.~A. and 
	{Foley}, R.~J. and {Forman}, W.~R. and {George}, E.~M. and {Gladders}, M.~D. and 
	{Gonzalez}, A.~H. and {Halverson}, N.~W. and {Hennig}, C. and 
	{Hoekstra}, H. and {Holder}, G.~P. and {Holzapfel}, W.~L. and 
	{Hrubes}, J.~D. and {Jones}, C. and {Keisler}, R. and {Knox}, L. and 
	{Lee}, A.~T. and {Leitch}, E.~M. and {Liu}, J. and {Lueker}, M. and 
	{Luong-Van}, D. and {Mantz}, A. and {Marrone}, D.~P. and {McDonald}, M. and 
	{McMahon}, J.~J. and {Meyer}, S.~S. and {Mocanu}, L. and {Mohr}, J.~J. and 
	{Murray}, S.~S. and {Padin}, S. and {Pryke}, C. and {Reichardt}, C.~L. and 
	{Rest}, A. and {Ruel}, J. and {Ruhl}, J.~E. and {Saliwanchik}, B.~R. and 
	{Saro}, A. and {Sayre}, J.~T. and {Schaffer}, K.~K. and {Schrabback}, T. and 
	{Shirokoff}, E. and {Song}, J. and {Spieler}, H.~G. and {Stanford}, S.~A. and 
	{Staniszewski}, Z. and {Stark}, A.~A. and {Story}, K.~T. and 
	{Stubbs}, C.~W. and {Vanderlinde}, K. and {Vieira}, J.~D. and 
	{Vikhlinin}, A. and {Williamson}, R. and {Zahn}, O. and {Zenteno}, A.
	},
    title = "{Galaxy Clusters Discovered via the Sunyaev-Zel'dovich Effect in the 2500-Square-Degree SPT-SZ Survey}",
  journal = {\apjs},
archivePrefix = "arXiv",
   eprint = {1409.0850},
 keywords = {cosmology: observations, galaxies: clusters: individual, large-scale structure of universe},
     year = 2015,
    month = feb,
   volume = 216,
      eid = {27},
    pages = {27},
      doi = {10.1088/0067-0049/216/2/27},
   adsurl = {http://adsabs.harvard.edu/abs/2015ApJS..216...27B},
  adsnote = {Provided by the SAO/NASA Astrophysics Data System}
}

@ARTICLE{2014MNRAS.444..147O,
   author = {{Oguri}, M.},
    title = "{A cluster finding algorithm based on the multiband identification of red sequence galaxies}",
  journal = {\mnras},
archivePrefix = "arXiv",
   eprint = {1407.4693},
 keywords = {galaxies: clusters: general},
     year = 2014,
    month = oct,
   volume = 444,
    pages = {147-161},
      doi = {10.1093/mnras/stu1446},
   adsurl = {http://adsabs.harvard.edu/abs/2014MNRAS.444..147O},
  adsnote = {Provided by the SAO/NASA Astrophysics Data System}
}

@ARTICLE{2013MNRAS.435.1313H,
   author = {{Hearin}, A.~P. and {Watson}, D.~F.},
    title = "{The dark side of galaxy colour}",
  journal = {\mnras},
archivePrefix = "arXiv",
   eprint = {1304.5557},
 keywords = {galaxies: evolution, galaxies: haloes, cosmology: theory, dark matter, large-scale structure of Universe},
     year = 2013,
    month = oct,
   volume = 435,
    pages = {1313-1324},
      doi = {10.1093/mnras/stt1374},
   adsurl = {http://adsabs.harvard.edu/abs/2013MNRAS.435.1313H},
  adsnote = {Provided by the SAO/NASA Astrophysics Data System}
}

@ARTICLE{2013MNRAS.433.1230W,
   author = {{Watson}, W.~A. and {Iliev}, I.~T. and {D'Aloisio}, A. and {Knebe}, A. and 
	{Shapiro}, P.~R. and {Yepes}, G.},
    title = "{The halo mass function through the cosmic ages}",
  journal = {\mnras},
archivePrefix = "arXiv",
   eprint = {1212.0095},
 keywords = {methods: numerical, galaxies: haloes, galaxies: high-redshift, cosmology: theory, dark matter, large-scale structure of Universe},
     year = 2013,
    month = aug,
   volume = 433,
    pages = {1230-1245},
      doi = {10.1093/mnras/stt791},
   adsurl = {http://adsabs.harvard.edu/abs/2013MNRAS.433.1230W},
  adsnote = {Provided by the SAO/NASA Astrophysics Data System}
}

@ARTICLE{2013MNRAS.433.1146C,
   author = {{Comparat}, J. and {Jullo}, E. and {Kneib}, J.-P. and {Schimd}, C. and 
	{Shan}, H. and {Erben}, T. and {Ilbert}, O. and {Brownstein}, J. and 
	{Ealet}, A. and {Escoffier}, S. and {Moraes}, B. and {Mostek}, N. and 
	{Newman}, J.~A. and {Pereira}, M.~E.~S. and {Prada}, F. and 
	{Schlegel}, D.~J. and {Schneider}, D.~P. and {Brandt}, C.~H.
	},
    title = "{Stochastic bias of colour-selected BAO tracers by joint clustering-weak lensing analysis}",
  journal = {\mnras},
archivePrefix = "arXiv",
   eprint = {1302.5655},
 primaryClass = "astro-ph.CO",
 keywords = {galaxies: evolution, galaxies: haloes, galaxies: statistics, cosmology: observations, dark matter, large-scale structure of Universe},
     year = 2013,
    month = aug,
   volume = 433,
    pages = {1146-1160},
      doi = {10.1093/mnras/stt797},
   adsurl = {http://adsabs.harvard.edu/abs/2013MNRAS.433.1146C},
  adsnote = {Provided by the SAO/NASA Astrophysics Data System}
}

@ARTICLE{2013MNRAS.428.3121M,
   author = {{Moster}, B.~P. and {Naab}, T. and {White}, S.~D.~M.},
    title = "{Galactic star formation and accretion histories from matching galaxies to dark matter haloes}",
  journal = {\mnras},
archivePrefix = "arXiv",
   eprint = {1205.5807},
 keywords = {galaxies: evolution, galaxies: high-redshift, galaxies: statistics, galaxies: stellar content, cosmology: theory, dark matter},
     year = 2013,
    month = feb,
   volume = 428,
    pages = {3121-3138},
      doi = {10.1093/mnras/sts261},
   adsurl = {http://adsabs.harvard.edu/abs/2013MNRAS.428.3121M},
  adsnote = {Provided by the SAO/NASA Astrophysics Data System}
}

@INBOOK{2013pss2.book..223D,
   author = {{Djorgovski}, S.~G. and {Mahabal}, A. and {Drake}, A. and {Graham}, M. and 
	{Donalek}, C.},
    title = "{Sky Surveys}",
 keywords = {Physics},
booktitle = {Planets, Stars and Stellar Systems.~Volume 2: Astronomical Techniques, Software and Data},
     year = 2013,
   editor = {{Oswalt}, T.~D. and {Bond}, H.~E.},
    pages = {223},
      doi = {10.1007/978-94-007-5618-2_5},
   adsurl = {http://adsabs.harvard.edu/abs/2013pss2.book..223D},
  adsnote = {Provided by the SAO/NASA Astrophysics Data System}
}

@ARTICLE{2012ApJ...748...10C,
   author = {{Cool}, R.~J. and {Eisenstein}, D.~J. and {Kochanek}, C.~S. and 
	{Brown}, M.~J.~I. and {Caldwell}, N. and {Dey}, A. and {Forman}, W.~R. and 
	{Hickox}, R.~C. and {Jannuzi}, B.~T. and {Jones}, C. and {Moustakas}, J. and 
	{Murray}, S.~S.},
    title = "{The Galaxy Optical Luminosity Function from the AGN and Galaxy Evolution Survey}",
  journal = {\apj},
archivePrefix = "arXiv",
   eprint = {1201.2954},
 keywords = {galaxies: luminosity function, mass function, galaxies: statistics},
     year = 2012,
    month = mar,
   volume = 748,
      eid = {10},
    pages = {10},
      doi = {10.1088/0004-637X/748/1/10},
   adsurl = {http://adsabs.harvard.edu/abs/2012ApJ...748...10C},
  adsnote = {Provided by the SAO/NASA Astrophysics Data System}
}

@ARTICLE{2012NewA...17..175B,
   author = {{Benson}, A.~J.},
    title = "{G ALACTICUS: A semi-analytic model of galaxy formation}",
  journal = {\na},
archivePrefix = "arXiv",
   eprint = {1008.1786},
     year = 2012,
    month = feb,
   volume = 17,
    pages = {175-197},
      doi = {10.1016/j.newast.2011.07.004},
   adsurl = {http://adsabs.harvard.edu/abs/2012NewA...17..175B},
  adsnote = {Provided by the SAO/NASA Astrophysics Data System}
}

@ARTICLE{2011ApJ...742..125G,
   author = {{George}, M.~R. and {Leauthaud}, A. and {Bundy}, K. and {Finoguenov}, A. and 
	{Tinker}, J. and {Lin}, Y.-T. and {Mei}, S. and {Kneib}, J.-P. and 
	{Aussel}, H. and {Behroozi}, P.~S. and {Busha}, M.~T. and {Capak}, P. and 
	{Coccato}, L. and {Covone}, G. and {Faure}, C. and {Fiorenza}, S.~L. and 
	{Ilbert}, O. and {Le Floc'h}, E. and {Koekemoer}, A.~M. and 
	{Tanaka}, M. and {Wechsler}, R.~H. and {Wolk}, M.},
    title = "{Galaxies in X-Ray Groups. I. Robust Membership Assignment and the Impact of Group Environments on Quenching}",
  journal = {\apj},
archivePrefix = "arXiv",
   eprint = {1109.6040},
 keywords = {catalogs, galaxies: groups: general, galaxies: star formation},
     year = 2011,
    month = dec,
   volume = 742,
      eid = {125},
    pages = {125},
      doi = {10.1088/0004-637X/742/2/125},
   adsurl = {http://adsabs.harvard.edu/abs/2011ApJ...742..125G},
  adsnote = {Provided by the SAO/NASA Astrophysics Data System}
}

@ARTICLE{2011ApJ...742...16T,
   author = {{Trujillo-Gomez}, S. and {Klypin}, A. and {Primack}, J. and 
	{Romanowsky}, A.~J.},
    title = "{Galaxies in {$\Lambda$}CDM with Halo Abundance Matching: Luminosity-Velocity Relation, Baryonic Mass-Velocity Relation, Velocity Function, and Clustering}",
  journal = {\apj},
archivePrefix = "arXiv",
   eprint = {1005.1289},
 keywords = {cosmology: theory, dark matter, galaxies: halos, galaxies: structure},
     year = 2011,
    month = nov,
   volume = 742,
      eid = {16},
    pages = {16},
      doi = {10.1088/0004-637X/742/1/16},
   adsurl = {http://adsabs.harvard.edu/abs/2011ApJ...742...16T},
  adsnote = {Provided by the SAO/NASA Astrophysics Data System}
}

@ARTICLE{2011ApJ...736...59Z,
   author = {{Zehavi}, I. and {Zheng}, Z. and {Weinberg}, D.~H. and {Blanton}, M.~R. and 
	{Bahcall}, N.~A. and {Berlind}, A.~A. and {Brinkmann}, J. and 
	{Frieman}, J.~A. and {Gunn}, J.~E. and {Lupton}, R.~H. and {Nichol}, R.~C. and 
	{Percival}, W.~J. and {Schneider}, D.~P. and {Skibba}, R.~A. and 
	{Strauss}, M.~A. and {Tegmark}, M. and {York}, D.~G.},
    title = "{Galaxy Clustering in the Completed SDSS Redshift Survey: The Dependence on Color and Luminosity}",
  journal = {\apj},
archivePrefix = "arXiv",
   eprint = {1005.2413},
 keywords = {cosmology: observations, cosmology: theory, galaxies: distances and redshifts, galaxies: halos, galaxies: statistics, large-scale structure of universe},
     year = 2011,
    month = jul,
   volume = 736,
      eid = {59},
    pages = {59},
      doi = {10.1088/0004-637X/736/1/59},
   adsurl = {http://adsabs.harvard.edu/abs/2011ApJ...736...59Z},
  adsnote = {Provided by the SAO/NASA Astrophysics Data System}
}

@ARTICLE{2010ARA&A..48..391S,
   author = {{Springel}, V.},
    title = "{Smoothed Particle Hydrodynamics in Astrophysics}",
  journal = {\araa},
archivePrefix = "arXiv",
   eprint = {1109.2219},
 primaryClass = "astro-ph.CO",
     year = 2010,
    month = sep,
   volume = 48,
    pages = {391-430},
      doi = {10.1146/annurev-astro-081309-130914},
   adsurl = {http://adsabs.harvard.edu/abs/2010ARA%26A..48..391S},
  adsnote = {Provided by the SAO/NASA Astrophysics Data System}
}

@ARTICLE{2010MNRAS.404.1111G,
   author = {{Guo}, Q. and {White}, S. and {Li}, C. and {Boylan-Kolchin}, M.
	},
    title = "{How do galaxies populate dark matter haloes?}",
  journal = {\mnras},
archivePrefix = "arXiv",
   eprint = {0909.4305},
 primaryClass = "astro-ph.CO",
 keywords = {galaxies: haloes, galaxies: luminosity function, mass function, cosmology: theory, dark matter, large-scale structure of Universe},
     year = 2010,
    month = may,
   volume = 404,
    pages = {1111-1120},
      doi = {10.1111/j.1365-2966.2010.16341.x},
   adsurl = {http://adsabs.harvard.edu/abs/2010MNRAS.404.1111G},
  adsnote = {Provided by the SAO/NASA Astrophysics Data System}
}

@ARTICLE{2010ApJ...709..920S,
   author = {{Sehgal}, N. and {Bode}, P. and {Das}, S. and {Hernandez-Monteagudo}, C. and 
	{Huffenberger}, K. and {Lin}, Y.-T. and {Ostriker}, J.~P. and 
	{Trac}, H.},
    title = "{Simulations of the Microwave Sky}",
  journal = {\apj},
archivePrefix = "arXiv",
   eprint = {0908.0540},
 keywords = {cosmic microwave background, galaxies: clusters: general, galaxies: general, intergalactic medium, large-scale structure of universe, methods: N-body simulations},
     year = 2010,
    month = feb,
   volume = 709,
    pages = {920-936},
      doi = {10.1088/0004-637X/709/2/920},
   adsurl = {http://adsabs.harvard.edu/abs/2010ApJ...709..920S},
  adsnote = {Provided by the SAO/NASA Astrophysics Data System}
}

@ARTICLE{2009ApJ...699.1333H,
   author = {{Hansen}, S.~M. and {Sheldon}, E.~S. and {Wechsler}, R.~H. and 
	{Koester}, B.~P.},
    title = "{The Galaxy Content of SDSS Clusters and Groups}",
  journal = {\apj},
archivePrefix = "arXiv",
   eprint = {0710.3780},
 keywords = {cosmology: observations, galaxies: clusters: general, galaxies: evolution, galaxies: halos},
     year = 2009,
    month = jul,
   volume = 699,
    pages = {1333-1353},
      doi = {10.1088/0004-637X/699/2/1333},
   adsurl = {http://adsabs.harvard.edu/abs/2009ApJ...699.1333H},
  adsnote = {Provided by the SAO/NASA Astrophysics Data System}
}

@ARTICLE{2009MNRAS.392.1080S,
   author = {{Skibba}, R.~A. and {Sheth}, R.~K.},
    title = "{A halo model of galaxy colours and clustering in the Sloan Digital Sky Survey}",
  journal = {\mnras},
archivePrefix = "arXiv",
   eprint = {0805.0310},
 keywords = {methods: analytical , methods: statistical , galaxies: clusters: general , galaxies: formation , galaxies: haloes , large-scale structure of the universe},
     year = 2009,
    month = jan,
   volume = 392,
    pages = {1080-1091},
      doi = {10.1111/j.1365-2966.2008.14007.x},
   adsurl = {http://adsabs.harvard.edu/abs/2009MNRAS.392.1080S},
  adsnote = {Provided by the SAO/NASA Astrophysics Data System}
}

@ARTICLE{2008ApJ...686.1503B,
   author = {{Brammer}, G.~B. and {van Dokkum}, P.~G. and {Coppi}, P.},
    title = "{EAZY: A Fast, Public Photometric Redshift Code}",
  journal = {\apj},
archivePrefix = "arXiv",
   eprint = {0807.1533},
 keywords = {cosmology: observations, galaxies: evolution, galaxies: formation},
     year = 2008,
    month = oct,
   volume = 686,
    pages = {1503-1513},
      doi = {10.1086/591786},
   adsurl = {http://adsabs.harvard.edu/abs/2008ApJ...686.1503B},
  adsnote = {Provided by the SAO/NASA Astrophysics Data System}
}

@ARTICLE{2008ApJ...680..214L,
   author = {{Loh}, Y.-S. and {Ellingson}, E. and {Yee}, H.~K.~C. and {Gilbank}, D.~G. and 
	{Gladders}, M.~D. and {Barrientos}, L.~F.},
    title = "{The Color Bimodality in Galaxy Clusters since z \~{} 0.9}",
  journal = {\apj},
archivePrefix = "arXiv",
   eprint = {0802.3726},
 keywords = {galaxies: clusters: general, galaxies: elliptical and lenticular, cD, galaxies: evolution, methods: statistical},
     year = 2008,
    month = jun,
   volume = 680,
    pages = {214-223},
      doi = {10.1086/587830},
   adsurl = {http://adsabs.harvard.edu/abs/2008ApJ...680..214L},
  adsnote = {Provided by the SAO/NASA Astrophysics Data System}
}

@ARTICLE{2007MNRAS.376..841V,
   author = {{van den Bosch}, F.~C. and {Yang}, X. and {Mo}, H.~J. and {Weinmann}, S.~M. and 
	{Macci{\`o}}, A.~V. and {More}, S. and {Cacciato}, M. and {Skibba}, R. and 
	{Kang}, X.},
    title = "{Towards a concordant model of halo occupation statistics}",
  journal = {\mnras},
   eprint = {astro-ph/0610686},
 keywords = {methods: statistical, galaxies: formation, galaxies: fundamental parameters, galaxies: haloes, cosmological parameters, dark matter},
     year = 2007,
    month = apr,
   volume = 376,
    pages = {841-860},
      doi = {10.1111/j.1365-2966.2007.11493.x},
   adsurl = {http://adsabs.harvard.edu/abs/2007MNRAS.376..841V},
  adsnote = {Provided by the SAO/NASA Astrophysics Data System}
}

@ARTICLE{2007AJ....133..734B,
   author = {{Blanton}, M.~R. and {Roweis}, S.},
    title = "{K-Corrections and Filter Transformations in the Ultraviolet, Optical, and Near-Infrared}",
  journal = {\aj},
   eprint = {astro-ph/0606170},
 keywords = {galaxies: fundamental parameters, galaxies: photometry, galaxies: statistics},
     year = 2007,
    month = feb,
   volume = 133,
    pages = {734-754},
      doi = {10.1086/510127},
   adsurl = {http://adsabs.harvard.edu/abs/2007AJ....133..734B},
  adsnote = {Provided by the SAO/NASA Astrophysics Data System}
}

@ARTICLE{2006ApJ...650L..99L,
   author = {{Lin}, Y.-T. and {Mohr}, J.~J. and {Gonzalez}, A.~H. and {Stanford}, S.~A.
	},
    title = "{Evolution of the K-Band Galaxy Cluster Luminosity Function and Scaling Relations}",
  journal = {\apjl},
   eprint = {astro-ph/0609169},
 keywords = {Cosmology: Observations, Galaxies: Clusters: General, Galaxies: Formation, Galaxies: Luminosity Function, Mass Function, Infrared: Galaxies},
     year = 2006,
    month = oct,
   volume = 650,
    pages = {L99-L102},
      doi = {10.1086/508940},
   adsurl = {http://adsabs.harvard.edu/abs/2006ApJ...650L..99L},
  adsnote = {Provided by the SAO/NASA Astrophysics Data System}
}

@ARTICLE{2006ApJ...646..881W,
   author = {{Warren}, M.~S. and {Abazajian}, K. and {Holz}, D.~E. and {Teodoro}, L.
	},
    title = "{Precision Determination of the Mass Function of Dark Matter Halos}",
  journal = {\apj},
   eprint = {astro-ph/0506395},
 keywords = {Cosmology: Theory, Galaxies: Halos},
     year = 2006,
    month = aug,
   volume = 646,
    pages = {881-885},
      doi = {10.1086/504962},
   adsurl = {http://adsabs.harvard.edu/abs/2006ApJ...646..881W},
  adsnote = {Provided by the SAO/NASA Astrophysics Data System}
}

@ARTICLE{2005MNRAS.364.1105S,
   author = {{Springel}, V.},
    title = "{The cosmological simulation code GADGET-2}",
  journal = {\mnras},
   eprint = {astro-ph/0505010},
 keywords = {methods: numerical, galaxies: interactions, dark matter},
     year = 2005,
    month = dec,
   volume = 364,
    pages = {1105-1134},
      doi = {10.1111/j.1365-2966.2005.09655.x},
   adsurl = {http://adsabs.harvard.edu/abs/2005MNRAS.364.1105S},
  adsnote = {Provided by the SAO/NASA Astrophysics Data System}
}

@ARTICLE{2005ApJ...633..791Z,
   author = {{Zheng}, Z. and {Berlind}, A.~A. and {Weinberg}, D.~H. and {Benson}, A.~J. and 
	{Baugh}, C.~M. and {Cole}, S. and {Dav{\'e}}, R. and {Frenk}, C.~S. and 
	{Katz}, N. and {Lacey}, C.~G.},
    title = "{Theoretical Models of the Halo Occupation Distribution: Separating Central and Satellite Galaxies}",
  journal = {\apj},
   eprint = {astro-ph/0408564},
 keywords = {Cosmology: Theory, Galaxies: Formation, Galaxies: Halos, Cosmology: Large-Scale Structure of Universe},
     year = 2005,
    month = nov,
   volume = 633,
    pages = {791-809},
      doi = {10.1086/466510},
   adsurl = {http://adsabs.harvard.edu/abs/2005ApJ...633..791Z},
  adsnote = {Provided by the SAO/NASA Astrophysics Data System}
}

@ARTICLE{2005MNRAS.356.1293Y,
   author = {{Yang}, X. and {Mo}, H.~J. and {van den Bosch}, F.~C. and {Jing}, Y.~P.
	},
    title = "{A halo-based galaxy group finder: calibration and application to the 2dFGRS}",
  journal = {\mnras},
   eprint = {astro-ph/0405234},
 keywords = {methods: statistical, galaxies: haloes, dark matter, large-scale structure of the Universe},
     year = 2005,
    month = feb,
   volume = 356,
    pages = {1293-1307},
      doi = {10.1111/j.1365-2966.2005.08560.x},
   adsurl = {http://adsabs.harvard.edu/abs/2005MNRAS.356.1293Y},
  adsnote = {Provided by the SAO/NASA Astrophysics Data System}
}

@ARTICLE{2004ApJ...610..745L,
   author = {{Lin}, Y.-T. and {Mohr}, J.~J. and {Stanford}, S.~A.},
    title = "{K-Band Properties of Galaxy Clusters and Groups: Luminosity Function, Radial Distribution, and Halo Occupation Number}",
  journal = {\apj},
   eprint = {astro-ph/0402308},
 keywords = {Cosmology: Observations, Galaxies: Clusters: General, Galaxies: Formation, Galaxies: Luminosity Function, Mass Function, Infrared: Galaxies},
     year = 2004,
    month = aug,
   volume = 610,
    pages = {745-761},
      doi = {10.1086/421714},
   adsurl = {http://adsabs.harvard.edu/abs/2004ApJ...610..745L},
  adsnote = {Provided by the SAO/NASA Astrophysics Data System}
}

@ARTICLE{2003MNRAS.344.1000B,
   author = {{Bruzual}, G. and {Charlot}, S.},
    title = "{Stellar population synthesis at the resolution of 2003}",
  journal = {\mnras},
   eprint = {astro-ph/0309134},
 keywords = {stars: evolution, galaxies: evolution, galaxies: formation, galaxies: stellar content},
     year = 2003,
    month = oct,
   volume = 344,
    pages = {1000-1028},
      doi = {10.1046/j.1365-8711.2003.06897.x},
   adsurl = {http://adsabs.harvard.edu/abs/2003MNRAS.344.1000B},
  adsnote = {Provided by the SAO/NASA Astrophysics Data System}
}

@ARTICLE{2003ApJ...592..819B,
   author = {{Blanton}, M.~R. and {Hogg}, D.~W. and {Bahcall}, N.~A. and 
	{Brinkmann}, J. and {Britton}, M. and {Connolly}, A.~J. and 
	{Csabai}, I. and {Fukugita}, M. and {Loveday}, J. and {Meiksin}, A. and 
	{Munn}, J.~A. and {Nichol}, R.~C. and {Okamura}, S. and {Quinn}, T. and 
	{Schneider}, D.~P. and {Shimasaku}, K. and {Strauss}, M.~A. and 
	{Tegmark}, M. and {Vogeley}, M.~S. and {Weinberg}, D.~H.},
    title = "{The Galaxy Luminosity Function and Luminosity Density at Redshift z = 0.1}",
  journal = {\apj},
   eprint = {astro-ph/0210215},
 keywords = {Galaxies: Luminosity Function, Mass Function, Galaxies: Statistics},
     year = 2003,
    month = aug,
   volume = 592,
    pages = {819-838},
      doi = {10.1086/375776},
   adsurl = {http://adsabs.harvard.edu/abs/2003ApJ...592..819B},
  adsnote = {Provided by the SAO/NASA Astrophysics Data System}
}

@ARTICLE{2003MNRAS.339.1057Y,
   author = {{Yang}, X. and {Mo}, H.~J. and {van den Bosch}, F.~C.},
    title = "{Constraining galaxy formation and cosmology with the conditional luminosity function of galaxies}",
  journal = {\mnras},
   eprint = {astro-ph/0207019},
 keywords = {galaxies: clusters: general, galaxies: formation, cosmology: theory, dark matter, large-scale structure of Universe},
     year = 2003,
    month = mar,
   volume = 339,
    pages = {1057-1080},
      doi = {10.1046/j.1365-8711.2003.06254.x},
   adsurl = {http://adsabs.harvard.edu/abs/2003MNRAS.339.1057Y},
  adsnote = {Provided by the SAO/NASA Astrophysics Data System}
}

@ARTICLE{1997ApJ...490..493N,
   author = {{Navarro}, J.~F. and {Frenk}, C.~S. and {White}, S.~D.~M.},
    title = "{A Universal Density Profile from Hierarchical Clustering}",
  journal = {\apj},
   eprint = {astro-ph/9611107},
 keywords = {Cosmology: Theory, Cosmology: Dark Matter, Galaxies: Halos, Methods: Numerical},
     year = 1997,
    month = dec,
   volume = 490,
    pages = {493-508},
      doi = {10.1086/304888},
   adsurl = {http://adsabs.harvard.edu/abs/1997ApJ...490..493N},
  adsnote = {Provided by the SAO/NASA Astrophysics Data System}
}

@ARTICLE{1985ApJ...292..371D,
   author = {{Davis}, M. and {Efstathiou}, G. and {Frenk}, C.~S. and {White}, S.~D.~M.
	},
    title = "{The evolution of large-scale structure in a universe dominated by cold dark matter}",
  journal = {\apj},
 keywords = {Computational Astrophysics, Cosmology, Galactic Clusters, Galactic Evolution, Missing Mass (Astrophysics), Weak Interactions (Field Theory), Astronomical Models, Computerized Simulation, Correlation, Many Body Problem, Mass Distribution, Mass To Light Ratios, Matter (Physics), Radial Velocity, Red Shift},
     year = 1985,
    month = may,
   volume = 292,
    pages = {371-394},
      doi = {10.1086/163168},
   adsurl = {http://adsabs.harvard.edu/abs/1985ApJ...292..371D},
  adsnote = {Provided by the SAO/NASA Astrophysics Data System}
}

@ARTICLE{1983Ap&SS..89..313A,
   author = {{Alfven}, H.},
    title = "{On hierarchical cosmology}",
  journal = {\apss},
 keywords = {Cosmic Plasma, Cosmology, Annihilation Reactions, Big Bang Cosmology, Clouds, Gravitation, Mass Distribution, Stellar Evolution},
     year = 1983,
    month = jan,
   volume = 89,
    pages = {313-324},
      doi = {10.1007/BF00655984},
   adsurl = {http://adsabs.harvard.edu/abs/1983Ap%26SS..89..313A},
  adsnote = {Provided by the SAO/NASA Astrophysics Data System}
}

@ARTICLE{1972CoASP...4..173S,
   author = {{Sunyaev}, R.~A. and {Zeldovich}, Y.~B.},
    title = "{The Observations of Relic Radiation as a Test of the Nature of X-Ray Radiation from the Clusters of Galaxies}",
  journal = {Comments on Astrophysics and Space Physics},
 keywords = {Cosmology, Microwave Background Radiation, Clusters of Galaxies, X-Ray Astronomy, Intergalactic Gas},
     year = 1972,
    month = nov,
   volume = 4,
    pages = {173},
   adsurl = {http://adsabs.harvard.edu/abs/1972CoASP...4..173S},
  adsnote = {Provided by the SAO/NASA Astrophysics Data System}
}

