@ARTICLE{2018PASJ...70S..20O,
   author = {{Oguri}, M. and {Lin}, Y.-T. and \textbf{S.-C. Lin} and {Nishizawa}, A.~J. and 
	{More}, A. and {More}, S. and {Hsieh}, B.-C. and {Medezinski}, E. and 
	{Miyatake}, H. and {Jian}, H.-Y. and {Lin}, L. and {Takada}, M. and 
	{Okabe}, N. and {Speagle}, J.~S. and {Coupon}, J. and {Leauthaud}, A. and 
	{Lupton}, R.~H. and {Miyazaki}, S. and {Price}, P.~A. and {Tanaka}, M. and 
	{Chiu}, I.-N. and {Komiyama}, Y. and {Okura}, Y. and {Tanaka}, M.~M. and 
	{Usuda}, T.},
    title = "{An optically-selected cluster catalog at redshift $0.1 < z < 1.1$ from the Hyper Suprime-Cam Subaru Strategic Program S16A data}",
  journal = {Publications of the Astronomical Society of Japan},
archivePrefix = "arXiv",
   eprint = {1701.00818},
 keywords = {catalogs, cosmology: observations, galaxies: clusters: general},
     year = 2018,
    month = jan,
   volume = 70,
      eid = {S20},
    pages = {S20},
      doi = {10.1093/pasj/psx042},
   adsurl = {http://adsabs.harvard.edu/abs/2018PASJ...70S..20O},
  adsnote = {Provided by the SAO/NASA Astrophysics Data System}
}

@ARTICLE{2017ApJ...851..139L,
   author = {{Lin}, Y.-T. and {Hsieh}, B.-C. and \textbf{S.-C. Lin} and {Oguri}, M. and 
	{Chen}, K.-F. and {Tanaka}, M. and {Chiu}, I.-N. and {Huang}, S. and 
	{Kodama}, T. and {Leauthaud}, A. and {More}, S. and {Nishizawa}, A.~J. and 
	{Bundy}, K. and {Lin}, L. and {Miyazaki}, S.},
    title = "{First Results on the Cluster Galaxy Population from the Subaru Hyper Suprime-Cam Survey. III. Brightest Cluster Galaxies, Stellar Mass Distribution, and Active Galaxies}",
  journal = {The Astrophysical Journal},
archivePrefix = "arXiv",
   eprint = {1709.04484},
 keywords = {galaxies: active, galaxies: clusters: general, galaxies: elliptical and lenticular, cD, galaxies: luminosity function, mass function},
     year = 2017,
    month = dec,
   volume = 851,
      eid = {139},
    pages = {139},
      doi = {10.3847/1538-4357/aa9bf5},
   adsurl = {http://adsabs.harvard.edu/abs/2017ApJ...851..139L},
  adsnote = {Provided by the SAO/NASA Astrophysics Data System}
}